<?xml version="1.0" encoding="UTF-8"?>
<collection xmlns:xsi="http://www.w3.org/2001/XMLSchema-instance" xsi:schemaLocation="http://www.loc.gov/MARC21/slim http://www.loc.gov/standards/marcxml/schema/MARC21slim.xsd" xmlns="http://www.loc.gov/MARC21/slim">
<record>
  <leader>01506cam a22003011  4500</leader>
  <controlfield tag="001">2613615</controlfield>
  <controlfield tag="003">NNC</controlfield>
  <controlfield tag="005">20130425135115.0</controlfield>
  <controlfield tag="008">940303s1951    iq            000 0 ara d</controlfield>
  <datafield tag="035" ind1=" " ind2=" ">
    <subfield code="a">(OCoLC)ocm29902973</subfield>
  </datafield>
  <datafield tag="035" ind1=" " ind2=" ">
    <subfield code="9">AQV5746CU</subfield>
  </datafield>
  <datafield tag="035" ind1=" " ind2=" ">
    <subfield code="a">(NNC)2613615</subfield>
  </datafield>
  <datafield tag="040" ind1=" " ind2=" ">
    <subfield code="a">CUY</subfield>
    <subfield code="c">CUY</subfield>
    <subfield code="d">ZCU</subfield>
  </datafield>
  <datafield tag="090" ind1=" " ind2=" ">
    <subfield code="a">ML332</subfield>
    <subfield code="b">.A9</subfield>
  </datafield>
  <datafield tag="100" ind1="1" ind2=" ">
    <subfield code="a">ʻAzzāwī, ʻAbbās.</subfield>
  </datafield>
  <datafield tag="245" ind1="1" ind2="3">
    <subfield code="a">al-Mūsīqā al-ʻIrāqīyah fī ʻahd al-Mughūl wa-al-Turkmān,</subfield>
    <subfield code="b">min sana 1258 ila sana 1534.</subfield>
  </datafield>
  <datafield tag="260" ind1=" " ind2=" ">
    <subfield code="a">Baghdād,</subfield>
    <subfield code="b">Sharikat al-Tijāra wal-Ṭibāʻah al-Maḥdūdah,</subfield>
    <subfield code="c">1951.</subfield>
  </datafield>
  <datafield tag="300" ind1=" " ind2=" ">
    <subfield code="a">129 p.</subfield>
  </datafield>
  <datafield tag="500" ind1=" " ind2=" ">
    <subfield code="a">Cover title: Iraqian music under the Mongols and the Turkmans, 1258-1534.</subfield>
  </datafield>
  <datafield tag="500" ind1=" " ind2=" ">
    <subfield code="a">Text in Arabic.</subfield>
  </datafield>
  <datafield tag="500" ind1=" " ind2=" ">
    <subfield code="a">Appendices (p. 73-129): 1. Kitāb al-malāhī [Book of musical instruments] by al-Mufaḍḍal ibn Salama. 2. Kitāb al-lahū wal-malāhī [Book of music and musical instruments] by Ibn Khurradādhbih. 3. Arjūzāt al-anghām [Melodious verses] by Muḥammad ibn ʻAlī, al-Irbilī.</subfield>
  </datafield>
  <datafield tag="650" ind1=" " ind2="0">
    <subfield code="a">Music</subfield>
    <subfield code="z">Iraq</subfield>
    <subfield code="x">History and criticism.</subfield>
  </datafield>
  <datafield tag="650" ind1=" " ind2="0">
    <subfield code="a">Arabs</subfield>
    <subfield code="x">Music</subfield>
    <subfield code="x">History and criticism.</subfield>
  </datafield>
  <datafield tag="650" ind1=" " ind2="0">
    <subfield code="a">Musical instruments</subfield>
    <subfield code="z">Arab countries.</subfield>
  </datafield>
  <datafield tag="700" ind1="1" ind2=" ">
    <subfield code="a">Mufaḍḍal ibn Salama, al-Dabbi,</subfield>
    <subfield code="d">active 9th century.</subfield>
    <subfield code="t">Kitāb al-malāhī.</subfield>
  </datafield>
  <datafield tag="700" ind1="1" ind2=" ">
    <subfield code="a">Ibn Khurradādhbih, ʻUbayd Allāh ibn ʻAbd Allāh,</subfield>
    <subfield code="d">approximately 820-approximately 912.</subfield>
    <subfield code="t">Kitāb al-lahū wal-malāhī.</subfield>
  </datafield>
  <datafield tag="700" ind1="1" ind2=" ">
    <subfield code="a">Muḥammad ibn ʻAlī, al-Irbilī.</subfield>
    <subfield code="t">Arjūzāt al-anghām.</subfield>
  </datafield>
  <datafield tag="955" ind1=" " ind2=" ">
    <subfield code="b">0043867154</subfield>
    <subfield code="d">glx</subfield>
    <subfield code="e">ML332 .A9</subfield>
  </datafield>
</record>
</collection>